<record><leader>00000cas a2200000 a 4500</leader><controlfield tag="001">13054765</controlfield><controlfield tag="008">860123d18811882ksudr ne      0    0eng d</controlfield><datafield ind1=" " ind2=" " tag="010"><subfield code="a">sn 85066896 </subfield></datafield><datafield ind1=" " ind2=" " tag="040"><subfield code="a">KSH</subfield><subfield code="b">eng</subfield><subfield code="c">KSH</subfield><subfield code="d">NPT</subfield><subfield code="d">OCL</subfield><subfield code="d">OCLCQ</subfield></datafield><datafield ind1=" " ind2=" " tag="042"><subfield code="a">msc</subfield></datafield><datafield ind1="0" ind2=" " tag="130"><subfield code="a">Wyandotte republican (Wyandotte, Kan. : Daily)</subfield></datafield><datafield ind1="1" ind2="0" tag="245"><subfield code="a">Wyandotte republican.</subfield></datafield><datafield ind1="1" ind2="3" tag="246"><subfield code="a">Wyandotte daily republican</subfield><subfield code="f">Feb. 8-&lt;Sept. 1&gt; 1882</subfield></datafield><datafield ind1=" " ind2=" " tag="260"><subfield code="a">Wyandotte, Kan. :</subfield><subfield code="b">H.B. Cooper &amp; Co.,</subfield><subfield code="c">1881-</subfield></datafield><datafield ind1=" " ind2=" " tag="300"><subfield code="a">v. ;</subfield><subfield code="c">49 cm.</subfield></datafield><datafield ind1=" " ind2=" " tag="310"><subfield code="a">Daily</subfield></datafield><datafield ind1="0" ind2=" " tag="362"><subfield code="a">Vol. 5, no. 1 (Sept. 13, 1881)-</subfield></datafield><datafield ind1="1" ind2=" " tag="362"><subfield code="a">Ceased in 1882?</subfield></datafield><datafield ind1=" " ind2=" " tag="500"><subfield code="a">Published by H.B. Cooper, &lt;Feb. 8-June 14, 1882&gt;; H.L. Sterrett &lt;Aug. 28-Sept. 1, 1882&gt;.</subfield></datafield><datafield ind1=" " ind2=" " tag="580"><subfield code="a">Also issued in a weekly edition.</subfield></datafield><datafield ind1=" " ind2=" " tag="752"><subfield code="a">United States</subfield><subfield code="b">Kansas</subfield><subfield code="c">Wyandotte</subfield><subfield code="d">Wyandotte.</subfield></datafield><datafield ind1="1" ind2=" " tag="775"><subfield code="t">Wyandotte republican (Wyandotte, Kan. : Weekly)</subfield><subfield code="w">(DLC)sn 85066906</subfield></datafield><datafield ind1="0" ind2="0" tag="780"><subfield code="t">Kawsmouth pilot (Wyandotte, Kan.)</subfield><subfield code="w">(DLC)sn 85066891</subfield></datafield><datafield ind1="1" ind2=" " tag="029"><subfield code="a">AU@</subfield><subfield code="b">000022170408</subfield></datafield></record>